@article{albertyUseLegendreTransforms2001,
  title = {Use of {{Legendre}} Transforms in Chemical Thermodynamics},
  author = {Alberty, Robert A},
  date = {2001},
  journaltitle = {Pure and Applied Chemistry},
  volume = {73},
  number = {8},
  pages = {1349--1380},
}